<record><leader>00000cas a2200000 a 4500</leader><controlfield tag="001">25858316</controlfield><controlfield tag="008">920521d18851uuuiluwr ne      0   a0eng c</controlfield><datafield ind1=" " ind2=" " tag="010"><subfield code="a">sn 92053870 </subfield></datafield><datafield ind1=" " ind2=" " tag="040"><subfield code="a">NVF</subfield><subfield code="b">eng</subfield><subfield code="c">NVF</subfield><subfield code="d">OCLCQ</subfield><subfield code="d">NVF</subfield><subfield code="d">OCLCF</subfield><subfield code="d">OCLCO</subfield><subfield code="d">NVF</subfield></datafield><datafield ind1=" " ind2=" " tag="042"><subfield code="a">pcc</subfield></datafield><datafield ind1=" " ind2=" " tag="043"><subfield code="a">n-us-il</subfield></datafield><datafield ind1="0" ind2="4" tag="245"><subfield code="a">The Perry County monitor and sun.</subfield></datafield><datafield ind1="1" ind2="0" tag="246"><subfield code="a">Monitor and sun</subfield></datafield><datafield ind1=" " ind2=" " tag="260"><subfield code="a">Pinckneyville, Ill. :</subfield><subfield code="b">John W. Wells,</subfield><subfield code="c">1885-[1---?].</subfield></datafield><datafield ind1=" " ind2=" " tag="300"><subfield code="a">v.</subfield></datafield><datafield ind1=" " ind2=" " tag="310"><subfield code="a">Weekly</subfield></datafield><datafield ind1="0" ind2=" " tag="362"><subfield code="a">Vol. 6, no. 33/34 (Aug. 21, 1885)-</subfield></datafield><datafield ind1=" " ind2=" " tag="515"><subfield code="a">Continues the numbering of Marissa monitor.</subfield></datafield><datafield ind1=" " ind2=" " tag="530"><subfield code="a">Preservation microfilmed by the University of Illinois at Urbana-Champaign Library as part of the United States Newspaper Program; the years 1885-1886 (on 1 microfilm reel) are available for purchase from OCLC Preservation Service Centers.</subfield></datafield><datafield ind1=" " ind2=" " tag="580"><subfield code="a">Formed by the union of: Marissa monitor and: Sun (Pinckneyville, Ill.).</subfield></datafield><datafield ind1=" " ind2=" " tag="588"><subfield code="a">Latest issue consulted: Vol. 8, no. 50 (Dec. 16, 1887).</subfield></datafield><datafield ind1=" " ind2="0" tag="651"><subfield code="a">Pinckneyville (Ill.)</subfield><subfield code="v">Newspapers.</subfield></datafield><datafield ind1=" " ind2="0" tag="651"><subfield code="a">Perry County (Ill.)</subfield><subfield code="v">Newspapers.</subfield></datafield><datafield ind1=" " ind2="7" tag="651"><subfield code="a">Illinois</subfield><subfield code="z">Perry County.</subfield><subfield code="2">fast</subfield><subfield code="0">(OCoLC)fst01215005</subfield></datafield><datafield ind1=" " ind2="7" tag="651"><subfield code="a">Illinois</subfield><subfield code="z">Pinckneyville.</subfield><subfield code="2">fast</subfield><subfield code="0">(OCoLC)fst01232959</subfield></datafield><datafield ind1=" " ind2="7" tag="655"><subfield code="a">Newspapers.</subfield><subfield code="2">fast</subfield><subfield code="0">(OCoLC)fst01423814</subfield></datafield><datafield ind1=" " ind2=" " tag="752"><subfield code="a">United States</subfield><subfield code="b">Illinois</subfield><subfield code="c">Perry County</subfield><subfield code="d">Pinckneyville.</subfield></datafield><datafield ind1="1" ind2="4" tag="780"><subfield code="t">Marissa monitor</subfield><subfield code="w">(DLC)sn 92053750</subfield><subfield code="w">(OCoLC)25104614</subfield></datafield><datafield ind1="1" ind2="4" tag="780"><subfield code="t">Sun (Pinckneyville, Ill.)</subfield></datafield><datafield ind1="1" ind2=" " tag="029"><subfield code="a">AU@</subfield><subfield code="b">000041263208</subfield></datafield></record>